1747 2933
708 184 869 213 —V11
914 197 973 202 --

188 309 423 364 litterisque
461 324 662 364 expressa
702 309 876 358 diversis
910 309 1209 351 minoribusve.
1242 297 1302 341 ¹—-
1333 310 1488 353 Itidem

188 395 258 436 hic
279 394 383 444 illic,
408 393 500 436 fieri
527 409 610 449 quo
638 393 798 449 potuit,
817 392 1002 449 adjecta,
1019 392 1248 436 vernaculo
1269 408 1482 444 sermone,

186 479 364 521 nomina
396 477 573 535 singulis
607 478 782 534 propria
814 476 1056 519 individuis.

249 563 303 605 In
351 561 638 605 describendis
683 561 905 618 speciebus
949 561 1151 619 singulis,
1201 561 1254 603 ad
1302 569 1485 604 mentem

188 645 319 688 Horti
344 645 584 688 Britannici
618 645 802 687 auctoris
834 657 1050 695 LOUDON,
1085 659 1210 701 quem
1250 645 1489 695 citavimus,

189 728 342 785 quique
384 729 464 771 hac
506 728 550 770 in
592 743 638 771 re
679 729 836 770 iterum
863 728 982 771 valios
1027 735 1091 770 est
1133 735 1324 780 secutus,
1366 744 1404 770 v.
1447 745 1486 785 g.

187 825 222 856 «Ι.
254 824 405 864 DONN,
439 811 696 870 Catalogum
731 812 1070 855 conscribentem
1100 812 1230 855 Horti
1263 812 1490 856 Cantabri—

188 896 367 952 giensis,
407 896 666 939 mentionem
702 897 878 938 fecimus
904 896 1088 951 patriae,
1122 898 1324 953 temporis
1359 897 1488 940 dura-

187 978 331 1031 tionis,
375 979 576 1035 temporis
624 979 824 1031 florendi,
869 978 984 1021 modi
1029 995 1112 1036 quo
1153 986 1243 1022 arte
1275 980 1319 1021 in
1355 980 1489 1023 hortis

189 1062 408 1114 coluntur,
456 1064 556 1105 anni
587 1063 741 1121 (quum
780 1062 1040 1121 constabat),
1090 1078 1173 1120 quo
1217 1063 1487 1107 introductae

187 1153 288 1188 sunt
306 1147 352 1188 in
373 1145 597 1203 Europam
620 1154 694 1190 aut
710 1148 755 1189 in
772 1148 939 1200 hortos,
961 1148 1214 1205 plerumque
1222 1147 1488 1206 Anglorum:

190 1228 311 1281 dum,
335 1244 419 1286 quo
437 1230 529 1273 fieri
546 1237 733 1287 poterat,
757 1247 887 1289 opera
905 1233 999 1288 ipsa
1020 1233 1239 1276 attulimus
1262 1249 1314 1277 ex
1336 1234 1489 1290 quibus

188 1312 314 1370 plura
352 1328 483 1370 eaque
525 1315 758 1372 peculiaria
793 1317 879 1372 peti
922 1323 964 1358 et
1008 1315 1111 1358 disci
1148 1317 1240 1372 jam
1278 1324 1492 1374 poterunt.

189 1395 283 1437 Nec
304 1397 521 1440 omisimus
543 1399 687 1441 icones
704 1399 966 1452 referendas,
988 1400 1194 1457 imprimis
1217 1416 1268 1443 ex
1291 1401 1490 1458 operibus

193 1478 376 1523 classicis
405 1488 447 1523 et
474 1482 708 1539 magnificis
736 1499 844 1539 quae
873 1499 923 1525 ex
949 1484 1207 1528 bibliotheca
1229 1486 1327 1528 Tua
1350 1486 1490 1542 splen-

193 1563 293 1606 dida
319 1571 361 1607 et
390 1550 579 1622 pretiosa
603 1566 845 1610 humaniter
871 1568 994 1610 nobis
1022 1568 1382 1626 suppeditaveras.

252 1646 452 1691 Invenies
469 1682 480 1702 ,
522 1649 715 1703 tandem,
759 1651 1042 1694 nobilissime!
1085 1661 1256 1709 praeter
1298 1652 1491 1695 Indicem

192 1744 404 1785 generum
436 1733 481 1775 in
515 1735 722 1790 opusculo
755 1735 1001 1787 relatorum,
1035 1745 1260 1780 auctorum
1286 1752 1494 1781 memora-

193 1821 337 1858 torum
368 1818 586 1861 variorum
623 1820 909 1872 notationem,
959 1836 1039 1863 nec
1081 1837 1168 1865 non
1212 1830 1278 1866 sat
1311 1824 1493 1881 comple-

191 1905 302 1950 tam,
344 1901 389 1942 ni
420 1901 566 1954 fallor,
612 1902 766 1946 seriem
796 1903 1205 1963 bibliographicam‚
1250 1922 1334 1963 qua
1366 1923 1494 1964 opera

196 1980 364 2025 diversa
394 1984 594 2028 botanica
628 1986 815 2030 adhibita
849 1996 890 2030 et
923 1990 1050 2032 citata
1084 1990 1394 2047 describuntur.

256 2063 328 2109 Sic
361 2069 496 2111 multa
527 2071 571 2112 in
603 2072 762 2126 paucis.

255 2231 314 2274 Et
347 2248 463 2275 nunc
497 2235 598 2290 quid
631 2237 795 2290 porro?
836 2237 979 2295 Longi.
1014 2254 1104 2281 esse
1137 2240 1332 2282 nolimus.
1375 2241 1491 2294 Quid

197 2314 485 2360 adderemus?

258 2399 408 2443 Pauca
439 2402 545 2444 haec
579 2411 756 2447 tantum.

258 2482 411 2538 Vivat,
473 2496 637 2530 crescat
658 2522 667 2540 ,
722 2489 871 2532 floreat
919 2490 1084 2534 Hortus
1133 2493 1254 2535 Tuus
1305 2492 1492 2549 Spaarn—

196 2566 425 2625 Bergensis
445 2602 454 2619 ‚
489 2578 531 2613 et
563 2573 632 2615 Tu
664 2574 753 2629 ipse
786 2575 903 2618 vivas
940 2591 1037 2620 cum
1069 2567 1169 2620 illo!
1218 2578 1364 2619 Decus
1397 2594 1493 2620 eva-
