1747 2933
746 117 832 163 189

153 417 444 449 CONSPECTUS
488 417 682 449 OPERUM
723 417 986 455 VARIORUM,
1035 417 1233 453 QUORUM
1279 415 1435 446 TITULI

182 512 464 543 ABBREVIATI
496 511 574 542 HIC
603 511 725 542 ILLIO
760 512 810 542 IN
844 511 1084 543 OPUSOULO
1108 511 1263 543 HOCCE
1286 512 1406 542 INDI-

559 606 664 636 CATI
703 606 1031 638 INVENTUNTUR.

669 802 909 824 -ᾅθῢ-

150 988 284 1031 ABEL
311 989 454 1043 journ.
484 987 607 1032 Chin.
641 988 690 1033 C.
720 989 844 1032 Abel.
882 987 1068 1031 Journal
1113 1002 1166 1029 on
1211 1002 1236 1029 a
1277 1001 1439 1044 voyage

146 1143 258 1186 Ac'r.
290 1145 460 1188 UPSAL.

145 1296 259 1340 ALP.
293 1314 354 1339 ex.

147 1454 299 1498 ANDR.

636 1070 681 1105 to
715 1060 863 1105 China.
897 1063 956 1102 4⁰.

636 1145 752 1189 Acta
768 1146 982 1188 Literaria
995 1152 1036 1186 et
1053 1142 1335 1187 Scientiarum
1347 1144 1440 1199 Up-

633 1219 760 1260 saliae
787 1218 1012 1275 publicata.
1042 1219 1101 1260 8⁰.
1128 1217 1440 1260 1720—1816.

635 1299 822 1356 Prosper
833 1300 1030 1356 Alpinus.
1047 1299 1115 1341 De
1140 1299 1295 1356 plantis
1307 1299 1440 1341 exoti-

637 1373 694 1414 cis
727 1373 822 1415 libri
851 1373 946 1415 duo.
980 1375 1039 1414 4⁰.
1071 1373 1275 1415 Venetiis.
1307 1374 1435 1414 1629.

634 1457 689 1499 Η.
718 1456 766 1500 C.
788 1457 1014 1501 Andrews.
1042 1456 1259 1500 Coloured
1285 1472 1436 1514 engra-

634 1531 757 1587 vings
790 1530 838 1572 of
863 1530 1051 1581 Heaths,
1087 1530 1187 1573 with
1224 1529 1436 1572 botanical

635 1602 923 1659 descriptions.
957 1605 985 1645 4
1016 1603 1097 1645 vol.
1133 1602 1203 1645 fol.
1240 1601 1436 1645 London.

637 1675 949 1718 1802—1805.

146 1756 296 1801 ANDR,
327 1758 424 1800 Bot.
456 1759 560 1815 Rep.
633 1759 716 1802 vid.
747 1760 862 1803 ΒοΤ.
894 1760 1005 1802 REP.

146 1840 326 1883 ANNAL.
350 1854 393 1883 D.
416 1855 456 1884 L.
479 1840 583 1886 Soc.
607 1843 724 1887 ROY.
746 1845 898 1886 D'AGR.
920 1855 980 1885 ET
1003 1857 1048 1886 D.
1070 1855 1174 1885 BOT.
1196 1856 1258 1885 DE
1284 1841 1437 1885 GAND.

144 2358 224 2402 As.
257 2360 359 2404 RES.

633 1915 824 1959 Annales
875 1915 926 1958 de
972 1916 1014 1958 la
1062 1914 1230 1958 Sociote'z
1275 1915 1438 1973 Royale

618 1986 934 2046 'd'agriculture
968 1996 1010 2031 et
1044 1988 1096 2030 de
1127 1988 1355 2044 botanique
1385 1987 1437 2028 de

635 2060 786 2113 Gand,
819 2061 1004 2104 Journal
1039 2060 1360 2103 d’hortieulture
1397 2067 1438 2101 et

634 2133 706 2175 des
753 2133 939 2175 sciences
984 2134 1255 2182 accessoires‚
1289 2131 1436 2189 redjgo

632 2221 711 2262 par
735 2203 813 2248 Ch.
836 2205 1028 2247 Morren.
1057 2206 1115 2246 8⁰.
1141 2203 1280 2247 Gand.
1308 2204 1436 2253 1845,

637 2280 766 2322 1846.
798 2285 876 2320 etc.

632 2363 798 2406 Asiatic
818 2363 1098 2413 Researches,
1123 2377 1172 2404 or
1188 2362 1259 2403 the
1277 2362 1436 2403 Trans-

636 2436 798 2479 actions
832 2436 880 2478 of
909 2437 979 2478 the
1011 2433 1184 2493 Society
1215 2432 1436 2476 instituted

635 2510 677 2551 in
701 2510 878 2567 Bengal.
902 2511 961 2552 4⁰.
983 2508 1190 2552 Calcutta.
1212 2508 1340 2549 1788.
1358 2514 1435 2551 etc.
