1747 2933
7 2410 62 2531 ΜΑΥ
0 2340 56 2374 4
33 2289 43 2317 -
4 2127 65 2253 1903

541 594 584 637 N
587 590 947 637 OBILISSIME
981 590 1089 634 VIR

1457 622 1581 659 Luae
1593 627 1616 655 ,Δ
1632 623 1658 656 Ω
1671 624 1692 655 ’».’

1425 688 1456 722 μ
1468 688 1496 724 τε,

299 745 373 805 Α.
438 743 653 807 VAN
714 743 946 803 DER
1009 740 1348 802 HOOP!

1584 688 1725 722 &atvs

1423 754 1617 786 3317313'3*
1648 754 1652 758 ”
1680 759 1718 785 'A

1462 817 1513 854 (1,-
1519 820 1570 852 'dt'
1581 826 1629 853 ἰλὰ
1640 816 1664 852 {a
1679 834 1683 837 ⁴

680 907 948 931 ⁴66>—

232 1028 316 1089 Sic
337 1044 511 1089 tandem
532 1043 630 1087 Tibi
650 1044 768 1085 hunc
790 1043 942 1085 offerre
964 1043 1066 1085 mihi
1087 1043 1188 1085 licet
1210 1041 1465 1101 Catalogum

171 1144 298 1186 quem
340 1127 609 1171 conscribere
641 1126 745 1168 mihi
778 1126 1044 1178 commisisti,
1080 1126 1325 1183 plantarum
1363 1143 1467 1185 quas

167 1213 213 1255 in
250 1213 392 1256 Horto
439 1211 534 1254 Tuo
579 1209 982 1268 Spaarn-Bergensi
1020 1210 1220 1254 colendas
1254 1212 1346 1268 jam
1392 1227 1469 1268 per

97 1306 105 1311 ‘
168 1296 339 1354 longius
371 1303 540 1351 tempus
574 1295 745 1338 curasti.

233 1380 457 1437 Accipias,
498 1395 672 1437 precor,
709 1379 919 1432 libellum,
951 1381 1228 1423 nobilissime!
1265 1381 1472 1424 benevolo

168 1467 320 1510 animo.
382 1466 516 1509 Lenis
539 1466 594 1507 sis
610 1465 763 1522 judeX,
785 1466 1029 1509 humaniter
1049 1467 1273 1524 indulgeas
1295 1467 1471 1509 auctori.

228 1551 529 1596 Ponderosum
556 1557 621 1593 sat
648 1566 755 1593 onus
780 1550 880 1603 fuit,
908 1551 1025 1608 quod
1055 1551 1242 1594 humeris
1269 1552 1308 1594 ei
1332 1552 1469 1608 impo-

166 1652 268 1680 nere
300 1636 400 1680 Tibi
430 1635 589 1688 lubuit,
614 1621 828 1678 laborwsat
855 1651 1038 1693 magnus
1067 1652 1192 1692 quem
1207 1635 1468 1692 juvenilibus

167 1719 328 1762 viribus
346 1719 654 1776 perficiendum
673 1719 970 1776 praeposuisti.
982 1745 1043 1750 —-
1058 1719 1178 1761 Dum
1201 1726 1326 1761 antea
1345 1734 1469 1775 prae-

168 1803 332 1860 ceptori
368 1818 463 1846 meo
497 1802 748 1855 clarissimo,
785 1803 877 1846 viro
913 1803 1091 1845 scientia
1118 1818 1196 1845 sua
1216 1803 1469 1860 peritissimo

167 1899 232 1929 DE
263 1898 449 1938 VfflESE,
477 1886 570 1942 jam
604 1887 792 1943 primum
829 1887 1022 1929 Hortum
1053 1888 1197 1929 Tuum
1229 1887 1470 1929 describen-

167 1970 271 2014 dum
298 1970 668 2028 ordinandumque
701 1971 939 2023 obtuleras,
966 1987 1084 2014 nunc
1106 1987 1174 2013 me
1197 1971 1472 2027 discipulum,

161 2056 366 2111 juvenem
405 2088 428 2109 ‚,
440 2055 633 2098 amabilis
678 2055 902 2098 scientiae’'
936 2055 1146 2098 cultorem
1183 2055 1364 2112 elegisti,
1402 2055 1471 2110 qui

166 2138 280 2181 idem
313 2139 592 2194 susciperem,
619 2139 734 2183 idem
760 2147 991 2192 tentarem,
1018 2140 1269 2197 perficerem
1296 2139 1421 2182 idem.

233 2223 407 2267 Gratias
430 2224 528 2267 Tibi
550 2240 630 2281 ago
647 2241 726 2281 pro
747 2225 982 2268 honorifica
1005 2224 1294 2276 distinctione,
1317 2223 1474 2281 gratias

171 2309 522 2364 quam'maximas
549 2326 627 2367 pro
649 2310 744 2352 fide.
808 2311 868 2353 Et
897 2311 1001 2353 dum
1026 2311 1236 2367 voluptati
1261 2311 1364 2352 mihi
1395 2309 1475 2351 fuit

168 2408 217 2434 ac
266 2393 584 2447 dilectamento,
632 2395 819 2452 ingenue
865 2396 1032 2438 fatebor
1080 2395 1132 2437 ab
1182 2395 1315 2437 altera
1355 2401 1475 2450 parte

166 2476 284 2519 haud
311 2478 484 2520 minoris
509 2479 555 2521 id
582 2480 684 2522 mihi
710 2480 841 2523 fuisse
873 2480 1066 2523 utilitatis
1095 2487 1137 2523 et
1163 2482 1375 2537 quaestus.

236 2560 443 2604 Exoticas
473 2578 577 2619 quas
609 2565 881 2621 caeteroquin
902 2564 1012 2607 forte
1036 2580 1162 2622 aegre
1186 2564 1478 2621 cognovissem
