1747 2933
915 162 950 225 51

371 293 485 338 Fere
517 293 665 351 ignota
694 291 836 336 adhuc
858 300 950 336 erat
971 293 1260 337 memorabilis
1287 294 1396 338 haec
1417 293 1585 354 CycaS,
1608 331 1615 339 .

370 368 484 411 inter
501 368 687 424 reliquas
707 364 936 425 Cycadum
954 366 1130 424 species,
1153 367 1232 410 sub
1255 368 1429 410 nomine
1447 368 1584 412 alieno

374 441 442 501 (C.
466 442 681 484 circinalis.
714 441 851 484 Roxb.
876 456 914 483 v.
936 441 1032 484 infr.
1058 441 1085 483 1.
1106 440 1154 498 l.)
1197 457 1295 485 cum
1326 442 1454 500 plane
1479 442 1587 485 late-

368 523 448 559 ret.
510 515 759 571 Numquam
792 515 837 556 in
868 513 1050 571 Europa
1081 515 1286 558 floruerat
1329 522 1372 558 et
1414 516 1588 558 inflore-

374 589 537 632 scentia
558 595 728 631 tantum
752 588 925 645 cognita
957 595 1049 630 erat
1081 603 1132 630 ex
1162 587 1449 646 descriptione
1470 588 1588 632 Rox-

371 662 634 719 burghiana,
676 667 893 704 caeterum
927 669 994 703 sat
1029 661 1145 703 clara
1176 669 1218 704 et
1251 668 1476 712 accurata,
1508 675 1590 703 nec

372 737 515 778 minus
539 750 591 777 ex
614 735 844 791 specimine
868 735 964 776 coni
988 735 1157 787 siccati,
1178 734 1358 777 Parisiis
1381 735 1426 776 in
1447 733 1590 778 Horto

374 810 555 861 servati,
579 811 713 865 exque
735 807 878 850 Horto
902 807 1135 861 Botanico,
1159 809 1233 866 qui
1255 816 1319 851 est
1341 807 1592 860 Caleuttae,

371 883 579 926 translati.
612 909 673 914 -—
707 880 916 925 Omnium
947 883 1089 939 prima
1109 898 1210 925 vero
1233 883 1278 925 in
1300 883 1481 939 Europa
1502 880 1592 940 Cy-

376 972 447 999 cas
480 956 587 998 haec
608 961 776 1006 nostra,
801 970 929 1011 quam
947 956 1148 1011 Rumplziz'
1166 955 1272 1012 Miq.
1295 970 1525 1007 vocamus,
1547 954 1593 996 in

369 1022 473 1073 villa
507 1027 805 1086 Spaarnberg,
841 1027 918 1069 ubi
954 1028 1108 1070 colitur
1143 1043 1169 1069 a
1200 1028 1310 1072 Viro
1351 1030 1450 1073 nob.
1478 1041 1522 1070 V.
1545 1040 1592 1070 D.

371 1115 528 1155 HOOP,
560 1102 706 1145 floruit
740 1115 852 1143 anno
880 1102 1013 1153 1847,
1032 1108 1075 1142 et
1096 1100 1220 1143 facile
1243 1117 1338 1144 eam
1371 1100 1595 1158 aequalem

373 1176 647 1234 dignovimus
677 1173 764 1232 Cyc.
787 1176 967 1226 circinal.
989 1174 1371 1233 Roxburghianae‚
1404 1191 1485 1218 nec
1506 1190 1595 1218 non

374 1250 612 1293 exsiccatae
633 1249 871 1291 Parisiensi
893 1264 945 1291 ex
969 1247 1182 1292 Calcutta.

439 1321 552 1367 Coni
568 1322 778 1365 indicium
792 1322 982 1379 primum
1013 1322 1289 1366 observatum
1311 1329 1375 1366 est
1398 1322 1438 1365 d.
1464 1323 1517 1368 70.
1540 1337 1597 1364 m.

374 1397 493 1455 Aug.
527 1413 562 1440 a.
599 1398 742 1448 1847,
776 1412 802 1439 a
834 1411 918 1453 quo
951 1396 1052 1439 inde
1080 1404 1297 1454 tempore,
1333 1396 1437 1439 dum
1458 1396 1598 1455 magis

374 1471 598 1529 magisque
620 1470 911 1522 increscebat,
938 1471 1066 1513 celeri
1089 1471 1332 1514 evolutione
1357 1478 1400 1514 et
1420 1471 1598 1523 intenta,

374 1543 503 1601 plane
526 1543 774 1586 efformatus
798 1544 1019 1600 apparuit,
1056 1544 1171 1586 circa
1194 1543 1308 1586 diem
1338 1544 1428 1586 fere
1460 1545 1516 1587 18
1540 1559 1598 1587 m.

378 1615 514 1674 Sept.:
539 1632 673 1659 conus
697 1616 861 1675 longtd.
885 1618 1085 1675 attigerat
1105 1618 1207 1674 poll.
1231 1618 1402 1661 circiter
1424 1625 1599 1662 octo.—

381 1690 533 1746 Quum
554 1698 712 1742 autem,
736 1691 1077 1734 sub-exsiccatus
1100 1698 1199 1748 post
1220 1693 1391 1750 longius
1413 1699 1600 1749 tempus,

381 1764 653 1822 splendorem
698 1767 856 1808 sensim
899 1781 1026 1808 suum
1067 1766 1279 1808 amisisset
1330 1766 1601 1823 coloremque

384 1838 704 1899 aureo-luteum
736 1845 949 1881 mutasset
988 1854 1088 1881 cum
1129 1839 1471 1882 brunneo-fusco
1486 1871 1498 1891 ,
1532 1838 1602 1881 die

387 1912 441 1955 6⁰.
471 1927 531 1954 m.
553 1911 660 1955 Julii
684 1927 719 1954 a.
739 1912 1002 1968 insequentis
1027 1914 1145 1956 1848
1170 1928 1269 1955 eum
1293 1913 1601 1962 resecavimus,

382 1993 435 2031 ut
457 1987 635 2029 seorsim
657 1992 909 2029 serveretur.

447 2058 521 2103 ΑΟ.
557 2059 673 2102 1825
706 2059 903 2116 plantam*
930 2059 1032 2101 emit
1065 2058 1120 2101 V.
1162 2058 1259 2100 nob.
1284 2071 1327 2101 V.
1355 2067 1554 2102 1).ΗοοΡ
1578 2073 1604 2100 a

387 2133 442 2178 V.
454 2130 554 2175 nob.
575 2145 771 2184 ῈΑΕΞΟΗ,
795 2133 868 2190 qui
887 2132 966 2175 sub
985 2132 1158 2175 nomine
1181 2132 1365 2175 obscuro
1383 2130 1424 2174 C.
1434 2133 1604 2190 qlaueae
1622 2128 1630 2138 ‘

389 2206 574 2266 (Hort.‘?)
597 2222 692 2249 eam
727 2206 919 2250 coluerat
950 2206 995 2248 111
1025 2206 1127 2249 villa
1149 2221 1228 2248 sua
1256 2205 1531 2256 Weste'rmeer,
1559 2205 1604 2246 in

388 2295 501 2339 pago
521 2279 782 2323 Heemstede
793 2312 805 2333 ‚
838 2295 974 2337 prope
994 2279 1261 2322 Harlemum.

298 2362 402 2424 Syn.
427 2362 478 2407 C.
501 2364 726 2407 circinalis.
759 2363 895 2407 Roxb.
929 2363 1029 2422 (nec
1056 2362 1130 2422 L.)
1163 2362 1232 2406 Fl.
1265 2360 1361 2404 Ind.
1394 2361 1480 2404 III.
1504 2363 1607 2404 744.

393 2436 526 2496 (Olus
561 2435 878 2496 Calappoides.)
923 2426 1112 2481 RUMPH.
1156 2436 1242 2479 Hb.
1277 2435 1407 2480 Amb.
1449 2435 1486 2478 I.
1518 2436 1605 2480 tab.

346 2566 348 2571 ,
392 2509 555 2556 XXII.
584 2511 775 2557 XXIII.

457 2580 508 2625 C.
529 2582 761 2628 Wallichii.
784 2582 890 2639 Miq.
