1747 2933
125 276 280 321 COMM.
313 293 393 320 rar.

123 505 271 551 Goon.

123 663 233 707 ΟΥΕ.
266 680 329 706 ne.

121 888 216 932 DC.
248 891 287 933 fl.
320 890 368 932 fr.

84 1250 86 1252 ι
122 1261 214 1305 DC.
246 1264 300 1319 pl.
332 1279 394 1321 gr.

121 1564 214 1608 DC.
247 1565 398 1608 Prodr.

119 1790 214 1835 DC.
246 1793 404 1836 Revue.

733 150 821 195 193

679 275 1145 335 Caspa1·.-Coinmelyn.
1178 278 1305 320 Horti
1328 295 1414 321 me-

674 350 756 392 dici
784 350 1020 394 Amstelod.
1040 350 1208 407 plantae
1236 352 1416 394 rariores

672 432 714 464 et
738 423 934 465 exoticae.
962 425 1021 464 4⁰.
1047 423 1098 465 L.
1120 421 1179 466 By
1198 425 1326 467 1706.

675 507 706 549 J
707 522 821 549 ames
872 504 1006 548 Cook.
1060 506 1241 565 Voyage
1279 508 1416 550 round

676 580 747 622 the
759 579 904 622 world.
918 579 1069 636 (seed.)
1080 582 1105 622 2
1118 580 1198 622 vol.
1218 582 1311 622 40.1
1320 582 1373 622 77
1381 583 1405 622 7
1413 614 1420 621 .

674 664 845 717 Domiti.
870 662 1043 720 Cyrillo.
1070 663 1324 707 Plantamm
1351 681 1419 707 ra-

671 737 835 779 riorum
853 737 975 793 regni
992 734 1262 793 Neapolitani
1284 738 1418 794 speci-

671 822 780 851 men.
808 808 878 850 fol.
901 808 1076 864 Neapol.
1105 809 1419 851 1788—1792.

675 892 743 933 De
761 889 968 934 Candolle
986 899 1027 933 et
1041 892 1271 933 Lamarck.
1289 891 1419 934 Flore

671 964 901 1019 Franeaise
925 978 982 1005 ou
1006 963 1202 1020 descript.
1226 965 1420 1007 succinc-

670 1042 732 1077 tes
778 1035 851 1078 des
894 1035 1057 1092 plantes
1103 1039 1175 1093 qui
1219 1038 1423 1081 croissent

672 1109 1066 1152 naturellement‘en
1084 1109 1264 1152 Franco.
1290 1111 1314 1152 5
1340 1111 1421 1152 vol.

673 1184 731 1224 8⁰.
763 1181 898 1224 Paris.
935 1183 1246 1227 1805—1815.

676 1266 746 1308 De
759 1265 986 1318 Candosse,
1005 1266 1197 1323 (histoire
1211 1268 1284 1310 des
1300 1269 1422 1324 plan-

672 1346 735 1380 tes
762 1339 965 1395 grasses).
991 1338 1248 1382 Plantarum
1273 1341 1420 1383 histor.

673 1412 1113 1455 succulentarum.f01.
1126 1412 1226 1455 Par.
1243 1415 1263 1455 1
1272 1415 1296 1454 7
1302 1415 1420 1456 99—

677 1485 804 1527 1830.
833 1492 876 1526 et
902 1487 960 1526 4⁰.

677 1568 746 1609 De
759 1566 977 1611 Candolle.
994 1544 1262 1611 Prodromus
1286 1578 1420 1627 syste-

670 1641 796 1682 matis
809 1642 1018 1684 naturalis
1029 1643 1152 1699 regni
1163 1657 1256 1700 veg.
1274 1645 1388 1685 1-—1
1396 1646 1420 1685 2

668 1714 750 1755 vol.
771 1715 1160 1758 80.1824—1838.
1180 1741 1238 1746 ——
1261 1717 1389 1759 1849.

671 1796 740 1837 De
768 1794 988 1840 Candolle.
1022 1798 1172 1841 Revue
1207 1799 1259 1840 de
1290 1799 1332 1841 la
1357 1799 1419 1841 fa-
1484 1852 1486 1855 Ι

670 1868 784 1911 mille
807 1869 881 1912 des
906 1869 1105 1921 Caete'es‚
1139 1873 1182 1913 in
1205 1871 1336 1914 Me'm.
1363 1871 1421 1913 du

604 1942 607 1945 ’
669 1939 785 1983 Mus.
818 1941 972 1984 XVII.

118 2023 312 2065 DELEss.

120 2240 270 2282 DEND.
303 2253 375 2282 BR.

117 2383 286 2426 DESOR.
302 2396 361 2425 ET
378 2396 466 2428 FIG.
484 2397 552 2428 PL.
569 2399 610 2428 N.

673 2024 796 2080 Benj.
817 2025 1051 2069 Delessert.
1067 2027 1222 2069 Icones
1240 2027 1419 2070 selectae

670 2097 914 2153 plantarum
939 2100 984 2140 in
1014 2107 1184 2156 system.
1208 2100 1322 2142 univ.
1347 2099 1419 2142 de-

672 2170 940 2226 scriptarum.
973 2174 1033 2214 4⁰.
1077 2174 1205 2215 1820.
1467 2162 1471 2165 st

670 2241 719 2282 P.
761 2242 833 2286 W.
876 2243 1072 2286 Watson.
1122 2244 1416 2302 Dendrologia

667 2314 920 2357 britannica.
957 2316 1085 2358 1825.

670 2386 964 2443 Descriptions
982 2395 1024 2430 et
1034 2387 1194 2445 figures
1209 2388 1281 2431 des
1294 2390 1417 2446 plan-

665 2465 729 2500 tes
765 2461 947 2502 nouvell.
986 2468 1028 2503 et
1065 2475 1182 2503 rares
1218 2462 1416 2517 du-jard.

667 2532 808 2576 botan.
827 2533 878 2575 de
894 2534 1034 2578 l'univ.
1053 2534 1105 2576 de
1120 2535 1257 2577 Leide
1283 2542 1325 2578 et
1343 2535 1416 2577 des

1161 2609 1218 2654 13
