1747 2933
258 308 443 363 plantas,
476 308 556 350 hoc
590 306 716 349 modo
745 306 895 348 melius
924 313 966 348 et
986 306 1152 349 facilius
1178 306 1324 348 didici:
1349 332 1407 337 --
1432 322 1560 362 opera

260 393 460 435 botanica
513 392 687 434 classica
739 406 871 447 eaque
920 391 1103 442 rariora,
1148 406 1330 446 quorum
1377 391 1563 448 cognitio

262 476 500 518 necessaria
536 491 585 517 ac
621 475 831 531 pulchra„
863 483 927 517 ast
964 490 1065 517 vero
1109 475 1295 517 raritatis
1335 491 1486 518 caussa
1524 484 1566 518 et

259 560 382 616 pretii
439 559 698 615 perdifficilis
757 559 984 615 acquisitu,
1052 559 1236 602 multum
1296 559 1469 602 adhibui
1524 568 1566 601 et

261 645 467 700 pervolvi,
526 645 669 700 sicque
722 643 978 700 profundius
1036 645 1272 688 examinavi
1331 645 1566 701 meliusque

262 730 408 772 itidem
441 729 624 786 cognovi
657 736 699 770 et
728 729 905 771 facilius.

325 812 574 869 Quomodo,
597 820 911 864 verumtamen,
936 812 1076 856 officio
1100 813 1328 856 defunctus
1352 814 1448 865 sim,
1476 815 1566 870 ipse

257 900 426 956 judices
470 899 540 941 Tu
583 913 681 940 cum
724 897 915 940 eruditis.
1007 897 1125 940 Fore
1169 905 1218 940 ut
1259 899 1421 941 bonum
1469 898 1570 940 mihi

264 986 431 1027 eveniat
479 984 681 1040 operique
719 982 954 1038 judicium,
997 990 1088 1025 toto
1139 998 1262 1039 spero
1314 998 1365 1025 ex
1414 982 1569 1025 animo.

265 1071 432 1113 Teneas
455 1083 637 1125 semper:
668 1066 875 1124 „Aliquid
897 1068 1013 1110 omni
1038 1067 1134 1110 labe
1169 1081 1319 1109 carens
1354 1067 1398 1108 in
1430 1066 1570 1108 lucem

269 1153 423 1207 „edere
449 1152 677 1210 plusquam
703 1151 974 1194 humanum.”

327 1239 452 1282 Haec
475 1237 703 1280 methodus
726 1252 856 1293 quam
879 1238 1015 1279 secuti
1037 1250 1184 1279 sumus
1205 1237 1249 1279 in
1275 1236 1571 1293 componendo

267 1322 489 1380 Catalogo.
552 1322 666 1364 Fere
688 1321 839 1364 eadem
865 1329 930 1364 est
951 1337 1036 1379 qua
1062 1322 1167 1365 varii
1195 1322 1348 1378 reliqui
1372 1323 1577 1381 catalogi,

259 1411 353 1466 jam
385 1414 513 1450 antea
544 1406 666 1459 editi,
708 1406 968 1460 Hortorum,
1004 1414 1106 1450 sunt
1138 1408 1387 1471 conscripti,
1426 1407 1576 1450 eadem

267 1509 397 1551 quam
430 1492 601 1536 Clariss.
639 1500 812 1536 secutus
845 1500 912 1535 est
942 1505 1006 1543 DE
1041 1504 1226 1545 VROESE,
1272 1507 1371 1534 cum
1410 1493 1576 1535 curavit

265 1580 455 1636 priorem
476 1579 607 1635 hujus
629 1579 866 1635 praesentis
887 1578 1083 1635 opusculi
1113 1577 1357 1620 editionem.

329 1665 383 1706 In
422 1663 697 1721 disponendis
734 1663 890 1720 plantis
923 1663 1117 1706 ordinem
1154 1663 1417 1706 servavimus
1449 1668 1576 1704 natu-

267 1749 419 1801 ralem,
447 1765 575 1806 quam
601 1760 952 1801 ENDLIOEERUS,
979 1749 1024 1791 in
1047 1763 1176 1805 opere
1198 1764 1296 1800 suo,
1321 1748 1392 1791 cui
1412 1747 1579 1790 titulus:

272 1832 474 1887 „Genera
526 1832 781 1875 Plantarum
831 1833 1071 1876 secundum
1125 1834 1296 1876 ordines
1356 1832 1576 1876 naturales

271 1916 512 1973 disposita?
549 1917 745 1972 exposuit
781 1916 1015 1972 praeclaro.
1090 1917 1206 1960 Hinc
1244 1917 1377 1974 igitur
1409 1931 1579 1973 quoque

272 2004 326 2045 ad
353 2010 538 2044 mentem
569 2002 696 2058 hujus
723 2002 923 2044 Botanici
954 2017 1116 2059 genera
1149 2001 1304 2044 dubiae
1338 2001 1449 2044 sedis
1484 2001 1578 2044 loco

273 2086 573 2128 collocavimus
621 2085 771 2128 eodem
821 2101 904 2141 quo
957 2085 1026 2127 hic
1075 2086 1145 2127 ille
1189 2093 1334 2128 noster
1378 2094 1582 2142 posuerat

275 2187 325 2213 ea
357 2179 399 2212 et
430 2171 528 2226 ipse.

339 2253 558 2296 Generum
602 2255 775 2295 nomina
811 2254 1101 2296 recentissime
1139 2260 1316 2310 accepta
1354 2253 1582 2310 elegimus,

276 2339 508 2394 itidemque
532 2339 790 2394 specierum,
821 2353 930 2394 quae
962 2339 1006 2380 in
1035 2349 1265 2381 STEUDELI
1298 2336 1585 2389 „Nomencla-

276 2431 369 2466 tore
400 2423 623 2466 botanico⁹³
656 2422 775 2480 (edit.
808 2423 984 2480 poster.)
1019 2423 1301 2466 celebrantur.

340 2507 593 2565 Synonyma
624 2508 761 2559 varia,
794 2514 881 2550 tam
916 2507 1117 2550 ordinum
1151 2523 1431 2565 generumve,
1459 2521 1586 2563 quam

281 2593 538 2648 specierum,
580 2592 735 2642 ubivis,
771 2607 854 2648 quo
890 2593 1187 2643 conveniebat,
1228 2600 1327 2635 sunt
1354 2598 1590 2634 memorata
