1747 2933
714 136 802 181 179

102 428 383 461 EXPLICATIO
409 425 631 458 NOMINUM
663 425 1026 458 NONNULLORUM
1058 425 1394 456 ABBREVIATIO-

163 525 277 563 NUM,
298 521 604 555 LITTERARUM
628 520 931 552 SINGULARUM
953 520 1043 551 NEC
1061 521 1159 552 NON
1175 521 1333 552 SIGNO—

227 621 341 659 RUM,
374 620 423 650 IN
444 617 540 649 HOC
563 615 805 648 OPUSOULO
830 616 1078 648 OBVIORUM
1098 618 1273 649 PASSIM.

643 802 896 822 φ’-

101 968 149 1009 Α.
181 968 364 1024 Bronqn.
396 966 476 1008 Ad.
502 965 769 1021 Bronym'art.
800 964 1036 1006 Botanicus
1066 962 1271 1005 Gallicus.

101 1050 280 1108 Aqardh.

102 1207 181 1249 Ait.

102 1364 232 1406 Andr.

105 1447 221 1490 Aubl.

103 1604 258 1646 Baulos.

103 1762 221 1802 Bart.

102 1917 236 1958 Bartl.

56 1993 62 1999 ⁴
100 2000 258 2042 Batem.

103 2157 271 2198 Baaeteoa

103 2311 254 2354 Beauv.

99 2470 225 2526 Bedf.

396 1048 578 1107 Aqardh.
608 1046 833 1089 Professor
852 1044 1074 1096 Suecicus,
1093 1045 1144 1088 de
1155 1045 1280 1102 Algis
1294 1060 1393 1101 ope-

462 1120 520 1162 ris
552 1120 760 1177 praeclari
783 1127 943 1162 auctor.

406 1206 589 1248 William
614 1205 747 1248 Aiton.
775 1204 916 1247 Horto
928 1205 1047 1262 regio
1057 1203 1394 1260 Kewensiprae—

458 1278 606 1321 fectus.

397 1363 541 1421 I-Ienry
555 1363 763 1407 Andrews.
797 1362 989 1406 Celebris
1007 1363 1146 1419 pictor
1161 1363 1395 1405 botanicus.

402 1446 526 1490 Fusde
543 1447 697 1490 Aublet.
718 1448 955 1490 Botanicus
966 1447 1188 1490 itinerator
1201 1445 1394 1490 Gallicus

461 1520 505 1562 in
527 1518 709 1563 Guiana.

399 1603 483 1646 Jos.
514 1605 671 1646 Banlcs.
703 1604 892 1661 Magnus
929 1604 1164 1654 itinerator,
1197 1604 1396 1645 scientiae

464 1676 648 1718 antistes.

407 1761 516 1803 Will.
547 1761 599 1802 P.
639 1760 679 1803 C.
711 1762 886 1804 Barton.
923 1758 1041 1803 Olim
1074 1758 1395 1815 Philadelphiae

457 1834 703 1883 Professor„

396 1917 599 1975 Bartlz‘ny.
623 1917 720 1960 Bot.
746 1915 864 1959 Prof.
886 1915 1216 1973 Goettingensis.

393 2001 532 2043 James
553 2003 768 2045 Batemcm.
791 2001 890 2057 Esq.
915 1994 1070 2055 Operis
1098 1997 1306 2054 splendidi
1344 1997 1396 2038 de

461 2072 638 2117 Orchid.
669 2073 823 2115 Mexic.
857 2080 1018 2114 auctor.

405 2157 513 2200 Will.
529 2159 699 2201 Baoeter.
716 2157 971 2200 Plantarum
985 2156 1145 2198 collect.
1158 2156 1202 2197 in
1214 2155 1268 2197 N.
1281 2154 1397 2197 Holl.

466 2231 825 2287 (1827—1829).

394 2314 443 2356 A.
465 2314 524 2358 M
546 2315 590 2357 E
613 2315 654 2356 J
671 2315 830 2356 Palisot
851 2316 900 2356 de
923 2314 1136 2356 Beauvois.
1164 2313 1398 2355 Botanicus

473 2385 666 2430 Gallicus
697 2388 928 2430 itinerator.

396 2472 516 2515 Dulce
541 2474 591 2529 of
614 2474 819 2530 Bedford.
853 2469 1064 2514 Scientiae
1086 2471 1308 2513 botanicae
1333 2486 1395 2512 se-

461 2544 586 2587 dulus
617 2553 846 2601 promotor.

1118 2613 1206 2660 12*
